@article{

    Amanatidis2016,

    author  = "Amanatidis, Theodoros and Chatzigeorgiou, Alexander",
    title   = "Studying the Evolution of {PHP} Web Applications",
    journal = "Information and Software Technology",
    year    = "2016",
    month   = "April",
    volume  = "72",
    number  = "C",
    pages   = "48--67",
    issn    = "0950-5849",
    doi     = "10.1016/j.infsof.2015.11.009"
}

@techreport{

    Bruno2012,

    author      = "Bruno, Eric J.",
    title       = "The State of {PHP} in the Enterprise",
    year        = "2012",
    month       = "May",
    institution = "UBM LLC",
    note        = "\url{https://www.zend.com/topics/State-of-PHP-in-the-Enterprise-061212.pdf}"
}

@techreport{

    Bruno2013,

    author      = "Bruno, Eric J.",
    title       = "Impact Assessment: {PHP} Takes on Business-Critical Apps",
    year        = "2013",
    month       = "July",
    institution = "UBM LLC",
    note        = "\url{https://www.zend.com/topics/Zend-Impact-Assessment-PHP-July-2013.pdf}"
}

@inproceedings{

    Cholakov2008,

    author    = "Cholakov, Nikolaj",
    title     = "On some drawbacks of the {PHP} platform",
    booktitle = "Proceedings of the 9th International Conference on Computer Systems and Technologies and Workshop for PhD Students in Computing",
    year      = "2008",
    month     = "June",
    pages     = "II.7-1--II.7-6",
    editor    = "Rachev, Boris and Smrikarov, Anger",
    publisher = "ACM",
    address   = "New York, NY, USA",
    isbn      = "978-954-9641-52-3",
    doi       = "10.1145/1500879.1500894"
}

@inproceedings{

    Kyriakakis2014,

    author    = "Kyriakakis, Panos and Chatzigeorgiou, Alexander",
    title     = "Maintenance Patterns of Large-Scale {PHP} Web Applications",
    booktitle = "2014 IEEE International Conference on Software Maintenance and Evolution",
    year      = "2014",
    pages     = "381--390",
    publisher = "IEEE",
    issn      = "1063-6773",
    doi       = "10.1109/ICSME.2014.60"
}

@incollection{

    Lee1962,

    author    = "Lee, Stan and Ditko, Steve",
    title     = "Spider-{M}an!",
    booktitle = "Amazing Fantasy \#15",
    year      = "1962",
    month     = "August",
    publisher = "Marvel Comics",
    address   = "New York, NY, USA"
}

@inproceedings{

    Suzumura2008,

    author    = "Suzumura, Toyotaro and Trent, Scott and Tatsubori, Michiaki and Tozawa, Akihiko and Onodera, Tamiya",
    title     = "Performance Comparison of Web Service Engines in {PHP}, {J}ava, and {C}",
    booktitle = "2008 IEEE International Conference on Web Services",
    year      = "2008",
    month     = "September",
    pages     = "385--392",
    publisher = "IEEE",
    isbn      = "978-0-7695-3310-0",
    doi       = "10.1109/ICWS.2008.71"
}

@inproceedings{

    Trent2008,

    author    = "Trent, Scott and Tatsubori, Michiaki and Suzumura, Toyotaro and Tozawa, Akihiko and Onodera, Tamiya",
    title     = "Performance Comparison of {PHP} and {JSP} as Server-Side Scripting Languages",
    booktitle = "Proceedings of the 9th ACM/IFIP/USENIX International Conference on Middleware",
    year      = "2008",
    month     = "December",
    pages     = "164--182",
    editor    = "Issarny, Val√©rie and Schantz, Rick",
    publisher = "Springer-Verlag New York, Inc.",
    address   = "New York, NY, USA",
    isbn      = "3-540-89855-7",
    doi       = "10.1145/1496950.1496961"
}

@misc{

    W3Techs2016,

    title        = "Usage of server-side programming languages for websites",
    howpublished = "\url{https://w3techs.com/technologies/overview/programming_language/all}",
    year         = "2016",
    month        = "August"
}

@techreport{

    Zend2007,

    title       = "An overview on {PHP}",
    year        = "2007",
    institution = "Zend Technologies Inc.",
    note        = "\url{https://www.zend.com/topics/overview_on_php.pdf}"
}
